@book{GalacticBulges,
    author = {{Eija Laurikainen} {Reynier Peletier} {Dimitri Gadotti}},
    title = {Galactic Bulges},
    publisher = {Springer},
    year = {2016},
}

@article{Besla2012,
    author = {{Roeland P. Van Der Marel} {Gurtina Besla} {T.J. Cox} {Sangmo Tony Sohn} {Jay Anderson}},
    title = {The M31 Velocity Vector. III. Future Milky Way M31-M33 Orbital Evolution, Merging, and Fate of the Sun},
    journal = {The Astrophysical Journal},
    year = {2012}, 
}

@article{Querejeta2014,
    author = {{M. Querejeta} {M.C. Eliche-Moral} {T. Tapia} {A. Borlaff} {C. Rodriguez-Perez} {J. Zamorano} {J. Gallego}},
    title = {Formation of S0 galaxies through mergers},
    journal = {Astronomy \& Astrophysics},
    year = {2014},
}

@article{Torrey2012,
	author = {{Paul Torrey} {T.J. Cox} {Lisa Kewley} {Lars Hernquist}},
	title = {The Metallicity Evolution of Interacting Galaxies},
	journal = {The Astrophysical Journal},
	year = {2012},
}

@article{Hopkins2007,
	author = {{Phillip F. Hopkins} {Lars Hernquist} {Thomas J. Cox} {Dusan Keres}},
	title = {A Cosmological Framework for the Co-Evolution of Quasars, Supermassive Black Holes, and Elliptical Galaxies. I. Galaxy Mergers and Quasar Activity},
	journal = {The Astrophysical Journal},
	year = {2007},
}

@article{Pardy2016,
	author = {{Stephen A. Pardy} {Elena D'Onghia} {E. Athanassoula} {Eric M. Wilcots} {Katrick Sheth}},
	title = {Tidally Induced Offset Disks in Magellanic Spiral Galaxies},
	journal = {The Astrophysical Journal},
	year = {2016},
}

@article{Kannan2015,
	author = {{Rahul Kannan} {Andrea V. Maccio} {Fabio Fontanot} {Benjamin P. Moster} {Wouter Karman} {Rachel S. Somerville}},
	title = {From discs to bulges: effects on the morphology of galaxies},
	journal = {Monthly Notices of the Royal Astronomical Society},
	year = {2015},
}
